@Misc{bkg_kon,
  author = {{Bundesamt für Kartographie und Geodäsie}},
  url = "https://www.bkg.bund.de/SharedDocs/Downloads/BKG/DE/Downloads-Karten/Karte-TK25-Koenigsberg.pdf"
}

@Misc{worsch2016,
  author = "Thomas Worsch und Simon Wacker",
  title = "Grundbegriffe der Informatik - Skript",
  year = 2016,
  type = "Skript"
}
